<?xml version="1.0" encoding="UTF-8"?><collection xmlns="http://www.loc.gov/MARC21/slim"><record><leader>00419nam--2200133-i-4500</leader><controlfield tag="001">000029338</controlfield><controlfield tag="002">20161230</controlfield><controlfield tag="005">20161230201037</controlfield><controlfield tag="008">060222s1000------------r-----000-0-eng-d</controlfield><datafield ind1=" " ind2=" " tag="080"><subfield code="a">621.375.826</subfield></datafield><datafield ind1=" " ind2=" " tag="100"><subfield code="a">Liberman, Sylvain</subfield></datafield><datafield ind1=" " ind2=" " tag="245"><subfield code="a">Etudes des structures hyperfines et d`effects isotopiques dans les raises laser infrarouges des gases rares. these</subfield></datafield><datafield ind1=" " ind2=" " tag="260"><subfield code="a">Orsay, Faculte Des Science, 1971. 142p</subfield></datafield><datafield ind1=" " ind2=" " tag="852"><subfield code="a">35811</subfield></datafield></record></collection>